@article{heterogeneity,
  title = {Time Varying Equity Correlations Across Emerging Markets},
  author={Shatiwa, Tangeni},
  journal = {Journal of Finance},
  year    = 2020,
  volume  = 1,
  number  = 1
}
