@article{example2,
  title = {Decomposing the Heterogeneity in Portfolio Flows to Emerging Markets},
  author={Shatiwa, Tangeni},
  journal = {Journal of Finance},
  year    = 2020,
  volume  = 1,
  number  = 1
}
