@article{trade,
  title = {A Bayesian Approach Towards Understanding Trade Tensions Between the US and China},
  author={Shatiwa, Tangeni},
  journal = {Journal of Finance},
  year    = 2020,
  volume  = 1,
  number  = 1
}
