@article{Dsge,
  title = {Uncoventional Monetary Policy and Financial Stability},
  author={Shatiwa, Tangeni},
  journal = {Journal of Finance},
  year    = 2020,
  volume  = 1,
  number  = 1
}
